@inproceedings{abeysinghe2024rhyme,
  title={Rhyme: A data-centric expressive query language for nested data structures},
  author={Abeysinghe, Supun and Rompf, Tiark},
  booktitle={International Symposium on Practical Aspects of Declarative Languages},
  pages={64--81},
  year={2024},
  organization={Springer}
}
@article{abeysingherhyme,
  title={Rhyme: A Data-Centric Multi-Paradigm Query Language based on Functional Logic Metaprogramming},
  author={Abeysinghe, Supun and Rompf, Tiark}
}
@inproceedings{rompf2010lightweight,
  title={Lightweight modular staging: a pragmatic approach to runtime code generation and compiled DSLs},
  author={Rompf, Tiark and Odersky, Martin},
  booktitle={Proceedings of the ninth international conference on Generative programming and component engineering},
  pages={127--136},
  year={2010}
}
@article{bravcevac2023graph,
  title={Graph IRS for impure higher-order languages: making aggressive optimizations affordable with precise effect dependencies},
  author={Bra{\v{c}}evac, Oliver and Wei, Guannan and Jia, Songlin and Abeysinghe, Supun and Jiang, Yuxuan and Bao, Yuyan and Rompf, Tiark},
  journal={Proceedings of the ACM on Programming Languages},
  volume={7},
  number={OOPSLA2},
  pages={400--430},
  year={2023},
  publisher={ACM New York, NY, USA}
}
@misc{jq,
title = {jq manual},
howpublished = {\url{https://jqlang.github.io/jq/manual/}},
}
@inproceedings{einops,
  author       = {Alex Rogozhnikov},
  title        = {Einops: Clear and Reliable Tensor Manipulations with Einstein-like
                  Notation},
  booktitle    = {{ICLR}},
  publisher    = {OpenReview.net},
  year         = {2022}
}
@misc{einsumblog,
author = {Tim Rockt√§schel},
title = {EINSUM IS ALL YOU NEED - EINSTEIN SUMMATION IN DEEP LEARNING},
howpublished = {\url{https://rockt.github.io/2018/04/30/einsum}},
year = {2018-04-30}
}
@article{tensor_comprehensions,
  author       = {Nicolas Vasilache and
                  Oleksandr Zinenko and
                  Theodoros Theodoridis and
                  Priya Goyal and
                  Zachary DeVito and
                  William S. Moses and
                  Sven Verdoolaege and
                  Andrew Adams and
                  Albert Cohen},
  title        = {Tensor Comprehensions: Framework-Agnostic High-Performance Machine
                  Learning Abstractions},
  journal      = {CoRR},
  volume       = {abs/1802.04730},
  year         = {2018}
}

@misc{graphql,
author = {GraphQL},
title = {A Query Language for your API},
howpublished = {\url{https://graphql.org/}},
}
@misc{xquery,
title = {XQuery 3.1: An XML Query Language},
howpublished = {\url{https://www.w3.org/TR/xquery-31/}},
year = {2017}
}
@article{datalog,
  author       = {Stefano Ceri and
                  Georg Gottlob and
                  Letizia Tanca},
  title        = {What you Always Wanted to Know About Datalog (And Never Dared to Ask)},
  journal      = {{IEEE} Trans. Knowl. Data Eng.},
  volume       = {1},
  number       = {1},
  pages        = {146--166},
  year         = {1989}
}
@article{verse,
author = {Augustsson, Lennart and Breitner, Joachim and Claessen, Koen and Jhala, Ranjit and Peyton Jones, Simon and Shivers, Olin and Steele Jr., Guy L. and Sweeney, Tim},
title = {The Verse Calculus: A Core Calculus for Deterministic Functional Logic Programming},
year = {2023},
issue_date = {August 2023},
publisher = {Association for Computing Machinery},
address = {New York, NY, USA},
volume = {7},
number = {ICFP},
journal = {Proc. ACM Program. Lang.},
articleno = {203},
numpages = {31},
keywords = {declarative programming, Verse calculus, normal forms, lambda calculus, evaluation strategy, choice operator, even/odd problem, confluence, unification, functional programming, Verse language, substitution, logical variables, rewrite rules, lenient evaluation, skew confluence, logic programming}
}
@inproceedings{curry,
  author       = {Michael Hanus},
  title        = {Functional Logic Programming: From Theory to {Curry}},
  booktitle    = {Programming Logics},
  series       = {Lecture Notes in Computer Science},
  volume       = {7797},
  pages        = {123--168},
  publisher    = {Springer},
  year         = {2013}
}
@misc{jsonpath,
author = {Stefan Goessner},
title = {JSONPath - XPath for JSON},
howpublished = {\url{https://goessner.net/articles/JsonPath/}},
year = {2007},
}
@misc{hotspot,
author = {HotSpot},
title = {Homepage of the project},
howpublished = {\url{https://openjdk.org/groups/hotspot/}},
}
@inproceedings{lattner2004llvm,
  title={LLVM: A compilation framework for lifelong program analysis \& transformation},
  author={Lattner, Chris and Adve, Vikram},
  booktitle={International symposium on code generation and optimization, 2004. CGO 2004.},
  pages={75--86},
  year={2004},
  organization={IEEE}
}